%YAML 1.1
%TAG !u! tag:unity3d.com,2011:
--- !u!1 &7979195051306019171
GameObject:
  m_ObjectHideFlags: 0
  m_CorrespondingSourceObject: {fileID: 0}
  m_PrefabInstance: {fileID: 0}
  m_PrefabAsset: {fileID: 0}
  serializedVersion: 6
  m_Component:
  - component: {fileID: 7979195051306019173}
  - component: {fileID: 7979195051306019170}
  m_Layer: 0
  m_Name: JobRoster
  m_TagString: Untagged
  m_Icon: {fileID: 0}
  m_NavMeshLayer: 0
  m_StaticEditorFlags: 0
  m_IsActive: 1
--- !u!4 &7979195051306019173
Transform:
  m_ObjectHideFlags: 0
  m_CorrespondingSourceObject: {fileID: 0}
  m_PrefabInstance: {fileID: 0}
  m_PrefabAsset: {fileID: 0}
  m_GameObject: {fileID: 7979195051306019171}
  m_LocalRotation: {x: -0, y: -0, z: -0, w: 1}
  m_LocalPosition: {x: 0, y: 0, z: 0}
  m_LocalScale: {x: 1, y: 1, z: 1}
  m_Children: []
  m_Father: {fileID: 7979195052000371103}
  m_RootOrder: 2
  m_LocalEulerAnglesHint: {x: 0, y: 0, z: 0}
--- !u!114 &7979195051306019170
MonoBehaviour:
  m_ObjectHideFlags: 0
  m_CorrespondingSourceObject: {fileID: 0}
  m_PrefabInstance: {fileID: 0}
  m_PrefabAsset: {fileID: 0}
  m_GameObject: {fileID: 7979195051306019171}
  m_Enabled: 1
  m_EditorHideFlags: 0
  m_Script: {fileID: 11500000, guid: 55a7130a80e2bc144985da284b2fef9d, type: 3}
  m_Name: 
  m_EditorClassIdentifier: 
  jobRange: {x: -1000, y: 1}
  trainingRange: {x: -1000, y: 1}
--- !u!1 &7979195052000371101
GameObject:
  m_ObjectHideFlags: 0
  m_CorrespondingSourceObject: {fileID: 0}
  m_PrefabInstance: {fileID: 0}
  m_PrefabAsset: {fileID: 0}
  serializedVersion: 6
  m_Component:
  - component: {fileID: 7979195052000371103}
  - component: {fileID: 7979195052000371100}
  m_Layer: 0
  m_Name: Persistent Item
  m_TagString: Untagged
  m_Icon: {fileID: 0}
  m_NavMeshLayer: 0
  m_StaticEditorFlags: 0
  m_IsActive: 1
--- !u!4 &7979195052000371103
Transform:
  m_ObjectHideFlags: 0
  m_CorrespondingSourceObject: {fileID: 0}
  m_PrefabInstance: {fileID: 0}
  m_PrefabAsset: {fileID: 0}
  m_GameObject: {fileID: 7979195052000371101}
  m_LocalRotation: {x: 0, y: 0, z: 0, w: 1}
  m_LocalPosition: {x: 0, y: 0, z: 0}
  m_LocalScale: {x: 1, y: 1, z: 1}
  m_Children:
  - {fileID: 7979195052856623222}
  - {fileID: 7979195052826789432}
  - {fileID: 7979195051306019173}
  m_Father: {fileID: 0}
  m_RootOrder: 0
  m_LocalEulerAnglesHint: {x: 0, y: 0, z: 0}
--- !u!114 &7979195052000371100
MonoBehaviour:
  m_ObjectHideFlags: 0
  m_CorrespondingSourceObject: {fileID: 0}
  m_PrefabInstance: {fileID: 0}
  m_PrefabAsset: {fileID: 0}
  m_GameObject: {fileID: 7979195052000371101}
  m_Enabled: 1
  m_EditorHideFlags: 0
  m_Script: {fileID: 11500000, guid: 214da03bda2f58f46be521ac94578f4e, type: 3}
  m_Name: 
  m_EditorClassIdentifier: 
  persistenceID: ManagementItem0
--- !u!1 &7979195052826789430
GameObject:
  m_ObjectHideFlags: 0
  m_CorrespondingSourceObject: {fileID: 0}
  m_PrefabInstance: {fileID: 0}
  m_PrefabAsset: {fileID: 0}
  serializedVersion: 6
  m_Component:
  - component: {fileID: 7979195052826789432}
  - component: {fileID: 7979195052826789433}
  m_Layer: 0
  m_Name: PlayerProfileManager
  m_TagString: Untagged
  m_Icon: {fileID: 0}
  m_NavMeshLayer: 0
  m_StaticEditorFlags: 0
  m_IsActive: 1
--- !u!4 &7979195052826789432
Transform:
  m_ObjectHideFlags: 0
  m_CorrespondingSourceObject: {fileID: 0}
  m_PrefabInstance: {fileID: 0}
  m_PrefabAsset: {fileID: 0}
  m_GameObject: {fileID: 7979195052826789430}
  m_LocalRotation: {x: -0, y: -0, z: -0, w: 1}
  m_LocalPosition: {x: 0, y: 0, z: 0}
  m_LocalScale: {x: 1, y: 1, z: 1}
  m_Children: []
  m_Father: {fileID: 7979195052000371103}
  m_RootOrder: 1
  m_LocalEulerAnglesHint: {x: 0, y: 0, z: 0}
--- !u!114 &7979195052826789433
MonoBehaviour:
  m_ObjectHideFlags: 0
  m_CorrespondingSourceObject: {fileID: 0}
  m_PrefabInstance: {fileID: 0}
  m_PrefabAsset: {fileID: 0}
  m_GameObject: {fileID: 7979195052826789430}
  m_Enabled: 1
  m_EditorHideFlags: 0
  m_Script: {fileID: 11500000, guid: bac2af954e098764f9722e64c56ecf1f, type: 3}
  m_Name: 
  m_EditorClassIdentifier: 
  enableInstaCompletion: 0
  progressionDataList:
  - level: 1
    xpMax: 100
    jobCap: 2
  - level: 2
    xpMax: 150
    jobCap: 2
  - level: 3
    xpMax: 205
    jobCap: 2
  - level: 4
    xpMax: 270
    jobCap: 2
  - level: 5
    xpMax: 335
    jobCap: 3
  - level: 6
    xpMax: 410
    jobCap: 3
  - level: 7
    xpMax: 485
    jobCap: 3
  - level: 8
    xpMax: 570
    jobCap: 3
  - level: 9
    xpMax: 655
    jobCap: 4
  - level: 10
    xpMax: 750
    jobCap: 4
  - level: 11
    xpMax: 845
    jobCap: 4
  - level: 12
    xpMax: 950
    jobCap: 4
  - level: 13
    xpMax: 1055
    jobCap: 4
  - level: 14
    xpMax: 1170
    jobCap: 4
  - level: 15
    xpMax: 1285
    jobCap: 4
  - level: 16
    xpMax: 1410
    jobCap: 4
  - level: 17
    xpMax: 1535
    jobCap: 4
  - level: 18
    xpMax: 1670
    jobCap: 4
  - level: 19
    xpMax: 1805
    jobCap: 4
  - level: 20
    xpMax: 1950
    jobCap: 4
  - level: 21
    xpMax: 2095
    jobCap: 4
  - level: 22
    xpMax: 2250
    jobCap: 4
  - level: 23
    xpMax: 2405
    jobCap: 4
  - level: 24
    xpMax: 2570
    jobCap: 4
  - level: 25
    xpMax: -1
    jobCap: 4
  csvBox: {fileID: 11400000, guid: 2f817683cc1567041863f1c28fe91880, type: 2}
--- !u!1 &7979195052856623220
GameObject:
  m_ObjectHideFlags: 0
  m_CorrespondingSourceObject: {fileID: 0}
  m_PrefabInstance: {fileID: 0}
  m_PrefabAsset: {fileID: 0}
  serializedVersion: 6
  m_Component:
  - component: {fileID: 7979195052856623222}
  - component: {fileID: 7979195052856623223}
  m_Layer: 0
  m_Name: TaskProfileManager
  m_TagString: Untagged
  m_Icon: {fileID: 0}
  m_NavMeshLayer: 0
  m_StaticEditorFlags: 0
  m_IsActive: 1
--- !u!4 &7979195052856623222
Transform:
  m_ObjectHideFlags: 0
  m_CorrespondingSourceObject: {fileID: 0}
  m_PrefabInstance: {fileID: 0}
  m_PrefabAsset: {fileID: 0}
  m_GameObject: {fileID: 7979195052856623220}
  m_LocalRotation: {x: -0, y: -0, z: -0, w: 1}
  m_LocalPosition: {x: 0, y: 0, z: 0}
  m_LocalScale: {x: 1, y: 1, z: 1}
  m_Children: []
  m_Father: {fileID: 7979195052000371103}
  m_RootOrder: 0
  m_LocalEulerAnglesHint: {x: 0, y: 0, z: 0}
--- !u!114 &7979195052856623223
MonoBehaviour:
  m_ObjectHideFlags: 0
  m_CorrespondingSourceObject: {fileID: 0}
  m_PrefabInstance: {fileID: 0}
  m_PrefabAsset: {fileID: 0}
  m_GameObject: {fileID: 7979195052856623220}
  m_Enabled: 1
  m_EditorHideFlags: 0
  m_Script: {fileID: 11500000, guid: 3772811d945cd464ba9998c1d0326628, type: 3}
  m_Name: 
  m_EditorClassIdentifier: 
  allJobs:
  - title: Wash Dishes
    taskID: cafe_dish
    requiredLevel: 1
    cashReward: 10
    xpReward: 45
    taskCategory: 0
    buildingType: 1
    entryCost: 0
    interviewQuestion: Do you clean up after eating?
    answerRight: Everytime
    answerWrong: No my mother does
  - title: Clean Toilet
    taskID: cafe_toilet
    requiredLevel: 1
    cashReward: 25
    xpReward: 55
    taskCategory: 0
    buildingType: 1
    entryCost: 10
    interviewQuestion: Whats your favourite part of cleaning a toilet?
    answerRight: Sound of flushing
    answerWrong: I hate it
  - title: Truck Loading
    taskID: factory_loading
    requiredLevel: 2
    cashReward: 30
    xpReward: 60
    taskCategory: 0
    buildingType: 2
    entryCost: 20
    interviewQuestion: Do you work out?
    answerRight: 50 push up everyday!
    answerWrong: Why waste energy?
  - title: Fit the Box
    taskID: mall_packing
    requiredLevel: 3
    cashReward: 55
    xpReward: 75
    taskCategory: 0
    buildingType: 4
    entryCost: 40
    interviewQuestion: What if item is bigger than the package?
    answerRight: Get bigger pack
    answerWrong: Get smaller item
  - title: Machine Packing
    taskID: factory_packing
    requiredLevel: 4
    cashReward: 75
    xpReward: 80
    taskCategory: 0
    buildingType: 2
    entryCost: 50
    interviewQuestion: Are you good doing thing in time?
    answerRight: Yes!
    answerWrong: '"What exactly is time? Philosophical'
  - title: Push Ups
    taskID: gym_pushup
    requiredLevel: 2
    cashReward: 0
    xpReward: 110
    taskCategory: 1
    buildingType: 3
    entryCost: 10
    interviewQuestion: 
    answerRight: 
    answerWrong: 
  - title: Pull Ups
    taskID: gym_pullup
    requiredLevel: 3
    cashReward: 0
    xpReward: 200
    taskCategory: 1
    buildingType: 3
    entryCost: 20
    interviewQuestion: 
    answerRight: 
    answerWrong: 
  csvBox: {fileID: 11400000, guid: d223b23dd8fc7f945b98dd0083bcf27c, type: 2}
